@misc(ncurses-howto,
  title = "Ncurses Programming HOWTO",
  year = "2005",
  url = "http://www.tldp.org/HOWTO/NCURSES-Programming-HOWTO/",
  annote = "This website provides an extensive tutorial on NCURSES programming and features. It includes detailed explanations of core concepts and basic examples of these as well as more advanced libraries and techniques.",
  %note = "Last accessed on the 31st of January 2019"
}

@misc{ros,
  organisation = "Open Robotics",
  title = "ROS.org",
  url = "www.ros.org",
  annote = "The official ROS website homepage. The Robotics Operating System is a middlewear for programming and controlling robots and is available for Linux.",
  %note = "Last accessed on 31st of January 2019"
}

@misc{bsd-license-3,
  title = "The 3-Clause BSD License",
  url = "https://opensource.org/licenses/BSD-3-Clause",
  annote = "This is a template describing the usage of the 3-clause BSD license",
  %note = "Last accessed on 22nd April 2019"
}

@misc{ncurses,
  title = "NCURSES Man Page",
  url = "https://invisible-island.net/ncurses/man/ncurses.3x.html",
  annote = "The official manual for ncurses usage. This is also freely available on Unix systems. It provides compilation instructions, basic usage and a complete list of functions with their own man pages.",
  %note = "Last accessed on the 31st of January 2019"
}

@misc{ncurses-license,
  title = "NCURSES License",
  url = "https://invisible-island.net/ncurses/ncurses-license.html",
  annote = "A comprehensive description of the ncurses license regarding its history and complications",
  %note = "Last accessed on 22nd April 2019"
}

@misc{cdk,
  title = "CDK Home Page",
  year = "1999",
  url = "https://invisible-island.net/cdk/",
  annote = "The homepage for Curses Development Kit information and downloads. There is also information on ncurses in general.",
  %note = "Last accessed on 4th of February 2019"
}

@misc{popen,
  title = "Popen Man Page",
  url = "https://linux.die.net/man/3/popen",
  annote = "The manual page for the popen function under the stdio.h C library",
  %note = "Last accessed on 5th of March 2019"
}
@misc{pkill,
  title = "Pkill Man Page",
  url = "https://linux.die.net/man/1/pkill",
  annote = "The manual page for the pkill UNIX utility",
  %note = "Last accessed on 15th of April 2019"
}

@misc{tmux,
  title = "Tmux Github Home Page",
  url = "https://github.com/tmux/tmux/wiki",
  annote = "Home page for the terminal multiplexer Tmux which was used as inspiration for parts of this project",
  %note = "Last accessed on 10th of April 2019"
}

@misc{tty8,
  title = "tty8 Github Page",
  author = "Krasner, D.",
  url = "https://github.com/dimkr/tty8",
  annote = "Github page for a simple terminal multiplexer used as inspiration for parts of this project.",
  %note = "Last accessed on 10th of April 2019"
}

@misc{tty8-license,
  title = "tty8 Liscense",
  url = "https://github.com/dimkr/tty8/blob/master/COPYING",
  annote = "Licence for the tty8 terminal multiplexer included in the respective Github repository. This software uses the MIT license.",
  %note = "Last accessed on 10th of April 2019"
}

@misc{ranger,
  title = "ranger Home Page",
  url = "https://ranger.github.io/",
  annote = "Home page of the file manager 'ranger' used as inspiration for the design of the user interface",
  %note = "Last accessed on 10th of April 2019"
}

@misc{termbox,
  title = "Termbox Github Page",
  url = "https://github.com/nsf/termbox",
  annote = "Github page for termbox, a TUI programming library similar to ncurses",
  %note = "Last accessed on 10th April 2019"
}

@misc{bash-tui,
  title = "Bash TUI Guide",
  author = "Araps, D.",
  url = "https://github.com/dylanaraps/writing-a-tui-in-bash",
  annote = "A guide showing how to write a non-graphical interface using pure bash",
  %note = "Last accessed on 10th April 2019"
}

@misc{pty,
  title = "Manual Page for Pseudo-Terminals",
  url = "https://linux.die.net/man/7/pty",
  annote = "The man page for pty's describing their usage and history",
  %note = "Last accessed on 15th April 2019"
}

@misc{screenkey,
  title = "Homepage for the Program Screenkey",
  url = "https://www.thregr.org/~wavexx/software/screenkey/",
  annote = "Website for screenkey, a program used to display on screen what keystrokes are being pressed",
  %note = "Last accessed on 15th April 2019"
}

@misc{turtlesim,
  title = "Turtlesim",
  url = "https://wiki.ros.org/turtlesim",
  annote = "The ROS package webpage for the package turtlesim used for testing",
  %note = "Last accessed on 17th April 2019"
}

@misc{pomodoro,
  title = "The Pomodoro Technique",
  author = "Cirillo ,F.",
  url = "https://francescocirillo.com/pages/pomodoro-technique",
  annote = "Primary information page on the pomodoro time saving technique",
  %note = "Last accessed on 17th April 2019"
}

@misc{neovim,
  title = "Neovim Homepage",
  url = "https://neovim.io/",
  annote = "Neovim is a fork of the modal text editor vim",
  %note = "Last accessed on 18th April 2019"
}

@misc{syncthing,
  title = "Synthing Homepage",
  url = "https://syncthing.net/",
  annote = "Syncthing is an open source cloud service used for file synchronisation.",
  %note = "Last accessed on 18th April 2019"
}

@misc{yaml-cpp,
  title = "Yaml-cpp GitHub Page",
  url = "https://github.com/jbeder/yaml-cpp",
  annote = "Yaml-cpp is a C++ library for reading YAML files and is also used by ROS",
  %note = "Last accessed on 19th April 2019"
}

@misc{yaml-cpp-license,
  title = "Yaml-cpp License",
  url = "https://github.com/jbeder/yaml-cpp/blob/master/LICENSE",
  annote = "Licensing and copyright information for yaml-cpp",
  %note = "Last accessed on 22nd April 2019"
}

@misc{exec,
  title = "Exec Manual Page",
  url = "https://linux.die.net/man/3/execv",
  annote = "The exec family of functions are used to run separate executables within a C program",
  %note = "Last accessed on 22nd April 2019"
}

@misc{boost,
  title = "Boost Libraries Hom Page",
  url = "https://www.boost.org/",
  annote = "The boost libraries provide useful utilities for C++ programming and are available under the Boost License",
  %note = "Last Accessed on 22nd April 2019"
}

@misc{boost-license,
  title = "Boost License",
  url = "https://www.boost.org/LICENSE_1_0.txt",
  annote = "The licensing for the Boost C++ libraries",
  %note = "Last accessed on 22nd April 2019"
}

@misc{cpp-regex,
  title = "Regex C++ Library",
  url = "http://www.cplusplus.com/reference/regex/",
  annote = "Regex is a part of the C++ standard library and is used to manipulate strings using regular expressions",
  %note = "Last accessed on 22nd April 2019"
}

@misc{forkpty,
  title = "Forkpty Manual Page",
  url = "https://linux.die.net/man/3/forkpty",
  annote = "Forkpty is used to fork a C program while simultaneously creating a pseudo-terminal in order to streamline the process",
  %note = "Last accessed on 22nd April 2019"
}

@misc{st,
  title = "The Suckless Terminal",
  url = "https://st.suckless.org/",
  annote = "ST is a minimal terminal emulator for X",
  %note = "Last accessed on 23rd April 2019"
}

@misc{urxvt,
  title = "Rxvt-unicode Arch Wiki Page",
  url = "https://wiki.archlinux.org/index.php/Rxvt-unicode",
	annote = "An X terminal emulator forked from rxvt",
	%note = "Last accessed on 23rd April 2019"
}

@misc{xterm,
	title = "Xterm",
	url = "https://invisible-island.net/xterm/",
	annote = "xterm is a terminal emulator for the X window system",
	%note = "Last accessed on 23rd April 2019"
}

@misc{konsole,
	title = "Konsole",
	url = "https://konsole.kde.org/",
	annote = "Konsole is the default KDE terminal application",
	%note = "Last accessed on 23rd April 2019"
}

@misc{regex-tester,
  title = "Regex Tester",
  url = "https://www.regexpal.com/",
  annote = "Online tool for visualising the effects of regular expressions on test data"
}

@misc{shapeshifter,
  title = "ROS package ros\_type\_introspection",
  url = "https://wiki.ros.org/ros\_type\_introspection",
  annote = "Package information regarding shapeshifters and other generic message utilities"
}

@misc{neofetch,
  title = "Neofetch GitHub Page",
  author = "Araps, D.",
  url = "https://github.com/dylanaraps/neofetch",
  annote = "Neofetch is a command line system information tool that displays colour formatted textual output"
}

@misc{fdopen,
  title = "fdopen Man Page",
  url = "https://linux.die.net/man/3/fdopen",
  annote = "fdopen is used to open a given file descriptor as a file stream in C"
}
